
@misc{desenclos_edition_????,
	title = {Édition de correspondances},
	url = {http://developpements.enc.sorbonne.fr/diple/schema/correspondance},
	urldate = {2015-05-28},
	author = {Desenclos, Camille},
	file = {:/Users/josselinmorvan/Library/Application Support/Firefox/Profiles/m7vu74lq.default/zotero/storage/NJPMRKMP/correspondance.html:text/html}
}

@book{nougaret_ledition_2015,
	title = {L'édition critique des textes contemporains ({XIXe}-{XXIe} siècle)},
	isbn = {9782357230620},
	abstract = {L'édition critique des textes contemporains (XIXe-XXIe siècle). Ce manuel présente les principes qui assureront rigueur scientifique et lisibilité à l'édition de textes contemporains : constitution du corpus, respect des règles de droit, transcription, annotation, présentation du texte, constitution des index...},
	language = {FR},
	publisher = {École nationale des chartes},
	author = {Nougaret, Christine and Parinet, Élisabeth},
	year = {2015},
	file = {Snapshot:/Users/josselinmorvan/Library/Application Support/Firefox/Profiles/m7vu74lq.default/zotero/storage/XIV3W3GK/livre.html:text/html}
}

@book{harold_xml_2005,
	address = {Paris, France},
	title = {{XML} en concentré: manuel de référence},
	isbn = {2-84177-353-1},
	shorttitle = {{XML} en concentré},
	language = {français},
	publisher = {O'Reilly},
	author = {Harold, Elliotte Rusty and Means, W. Scott},
	translator = {Ensarguet, Philippe and Laurent, Frédéric},
	year = {2005},
	keywords = {Sites Web -- Conception, XML (langage de balisage)},
	file = {Library Catalog Entry Snapshot:/Users/josselinmorvan/Library/Application Support/Firefox/Profiles/m7vu74lq.default/zotero/storage/XI2SXMFZ/SRCH.html:text/html}
}