
@article{domenach_reflexion_1998,
	title = {Réflexion sur les activités de la {BDIC}},
	volume = {49},
	issn = {0769-3206},
	url = {http://www.persee.fr/doc/mat_0769-3206_1998_num_49_1_410678},
	pages = {10--33},
	number = {1},
	journaltitle = {Matériaux pour l'histoire de notre temps},
	shortjournal = {mat},
	author = {Doménach, Jean-Luc and Kloosterman, Jaap and Crémieux-Brilhac, Jean-Louis and Schäfer, Hermann and Blondet-Bish, Thérèse and Barbizet-Namer, Laure and Battaglia, Aldo and Poncé, Florence and Blanchenay, Anne-Marie and Penin, Catherine and Chabert, Lise and Combe, Sonia and Paillard, Irène and Suzzoni, Monique and Lemaître, Martine and Dreyfus-Armand, Geneviève and Gervereau, Laurent},
	date = {1998},
	file = {Persée \: Portail de revues en sciences humaines et sociales:/Users/josselinmorvan/Library/Application Support/Firefox/Profiles/b6mwqeux.default/zotero/storage/SE8PP7IU/mat_0769-3206_1998_num_49_1_410678.html:text/html}
}

@incollection{desenclos_early_2015,
	edition = {{OpenEdition} Books},
	title = {Early modern correspondence: A new challenge for digital editions},
	booktitle = {Early modern correspondance: A new challence for digital editions},
	author = {Desenclos, Camille},
	editora = {Pierazzo, Elena and Driscoll, Matthew},
	editoratype = {collaborator},
	date = {2015-11},
	file = {contribution_Desenclos.pdf - contribution_Desenclos.pdf:/Users/josselinmorvan/Library/Application Support/Firefox/Profiles/b6mwqeux.default/zotero/storage/QZ2C4JNK/contribution_Desenclos.pdf:application/pdf}
}

@online{debusschere_stretching_????,
	title = {Stretching the {TEI} for the transcription of corpora of modern correspondence.},
	url = {http://ctb.kantl.be/seminar/01-02/seminar-debusschere.htm},
	author = {Debusschere, Joke and Van den Branden, Ron},
	urldate = {2015-08-27},
	file = {Debusschere, Neyt & Vanhoutte - The Transcription of Modern Manuscript texts for Electronic Editions.:/Users/josselinmorvan/Library/Application Support/Firefox/Profiles/b6mwqeux.default/zotero/storage/S8NWB9AM/seminar-debusschere.html:text/html}
}

@article{vanhoutte_describing_2009,
	title = {Describing, transcribing, encoding, and editing modern correspondence material: a textbase approach},
	volume = {24},
	issn = {0268-1145, 1477-4615},
	url = {http://llc.oxfordjournals.org/content/24/1/77},
	shorttitle = {Describing, transcribing, encoding, and editing modern correspondence material},
	abstract = {While letters and correspondence materials serve as (in)valuable sources of information for historians, philologists, (socio-)linguists, biographers, and textual critics, modern editorial theory merely assigns them a secondary role. Contrary to this traditional documentary view, the authors of this article argue for a treatment of epistolary materials as primary sources in their own right. They propose a generalized text-base approach of encoded and annotated correspondence materials that can accomodate the generation of versatile user-driven electronic editions. This approach needs to address current lacunae in markup theory and practice, resulting in a lack for either provisions for the encoding of letter-specific phenomena in texts, or encoding features for such generative editions. A closer look at broader editorial theories reveals a deeper lack of understanding of the nature and hence definition of correspondence materials. The authors propose a Jakobsonian communicative definition of letters that to a great deal can be mapped onto the textual model of the Text Encoding Initiative ({TEI}). The second part of this article discusses the motivation for and practical realization of Digital Archive of Letters in Flanders ({DALF}), a formal framework for encoding correspondence materials which is defined as a {TEI} customization. Its most important features for capturing detailed metadata as well as letter-specific source phenomena are analysed and discussed against the text-ontological background sketched out before.},
	pages = {77--98},
	number = {1},
	journaltitle = {Literary and Linguistic Computing},
	shortjournal = {Lit Linguist Computing},
	author = {Vanhoutte, Edward and Branden, Ron Van den},
	urldate = {2015-08-27},
	date = {2009-01-04},
	langid = {english},
	file = {Full Text PDF:/Users/josselinmorvan/Library/Application Support/Firefox/Profiles/b6mwqeux.default/zotero/storage/M3WVW5PE/Vanhoutte et Branden - 2009 - Describing, transcribing, encoding, and editing mo.pdf:application/pdf;Snapshot:/Users/josselinmorvan/Library/Application Support/Firefox/Profiles/b6mwqeux.default/zotero/storage/BZMA7ZFJ/77.html:text/html}
}

@book{harold_xml_2005,
	location = {Paris, France},
	title = {{XML} en concentré: manuel de référence},
	isbn = {2-84177-353-1},
	shorttitle = {{XML} en concentré},
	publisher = {O'Reilly},
	author = {Harold, Elliotte Rusty and Means, W. Scott},
	translator = {Ensarguet, Philippe and Laurent, Frédéric},
	date = {2005},
	keywords = {Sites Web -- Conception, {XML} (langage de balisage)},
	file = {Library Catalog Entry Snapshot:/Users/josselinmorvan/Library/Application Support/Firefox/Profiles/b6mwqeux.default/zotero/storage/XI2SXMFZ/SRCH.html:text/html}
}

@article{tesniere_laboratoire_2015,
	title = {Un laboratoire de et pour la recherche},
	url = {http://www.bdic.fr/images/stories/BDIC/journal/BDIC_Journal_38_web.pdf},
	pages = {1},
	number = {38},
	journaltitle = {Journal de la {BDIC}},
	author = {Tesnière, Valérie},
	date = {2015-04}
}

@article{buzzetti_digital_2002,
	title = {Digital Representation and the Text Model},
	volume = {33},
	url = {https%3A%2F%2Fmuse.jhu.edu%2Flogin%3Fauth%3D0%26type%3Dsummary%26url%3D%2Fjournals%2Fnew_literary_history%2Fv033%2F33.1buzzetti.html},
	series = {New Literary History},
	number = {1},
	author = {Buzzetti, Dino},
	urldate = {2015-08-26},
	date = {2002},
	file = {Project MUSE - Digital Representation and the Text Model:/Users/josselinmorvan/Library/Application Support/Firefox/Profiles/b6mwqeux.default/zotero/storage/SRNMTT4F/reader.html:text/html}
}

@online{_reperes_????,
	title = {Repères historiques},
	url = {http://bdic.fr/la-bdic/sous-menu-1},
	titleaddon = {{BDIC}},
	urldate = {2015-08-26},
	file = {Repères historiques:/Users/josselinmorvan/Library/Application Support/Firefox/Profiles/b6mwqeux.default/zotero/storage/Q4MG2MHA/sous-menu-1.html:text/html}
}

@book{nougaret_ledition_2015,
	title = {L'édition critique des textes contemporains ({XIXe}-{XXIe} siècle)},
	isbn = {978-2-35723-062-0},
	abstract = {L'édition critique des textes contemporains ({XIXe}-{XXIe} siècle). Ce manuel présente les principes qui assureront rigueur scientifique et lisibilité à l'édition de textes contemporains : constitution du corpus, respect des règles de droit, transcription, annotation, présentation du texte, constitution des index...},
	publisher = {École nationale des chartes},
	author = {Nougaret, Christine and Parinet, Élisabeth},
	date = {2015},
	file = {Snapshot:/Users/josselinmorvan/Library/Application Support/Firefox/Profiles/b6mwqeux.default/zotero/storage/XIV3W3GK/livre.html:text/html}
}

@online{burghart_edition_2011,
	title = {Édition électronique de sources : {XML} et Text Encoding Initiative ({TEI}) à l'École},
	url = {http%3A%2F%2Flettre.ehess.fr%2F1530},
	titleaddon = {La lettre de l'École des hautes études en sciences sociale},
	author = {Burghart, Marjorie and Dufournaud, Nicole},
	urldate = {2015-08-27},
	date = {2011},
	file = {Édition électronique de sources \: XML et Text Encoding Initiative (TEI) à l'École:/Users/josselinmorvan/Library/Application Support/Firefox/Profiles/b6mwqeux.default/zotero/storage/ZBSPSR2B/reader.html:text/html}
}

@online{desenclos_edition_????,
	title = {Édition de correspondances},
	url = {http://developpements.enc.sorbonne.fr/diple/schema/correspondance},
	author = {Desenclos, Camille},
	urldate = {2015-05-28},
	file = {:/Users/josselinmorvan/Library/Application Support/Firefox/Profiles/b6mwqeux.default/zotero/storage/NJPMRKMP/correspondance.html:text/html}
}

@article{cochet_larmee_2010,
	title = {L’armée d’Orient, des expériences combattantes loin de Verdun},
	rights = {© Tous droits réservés},
	issn = {0395-9317},
	url = {http://cdlm.revues.org/5498?lang=en},
	abstract = {The fighting experience during the {WWI} cannot be reduced exclusively to the Battles of Verdun and of the Somme. Sailors and soldiers enlisted in the French Orient Army experienced particular war conditions and peculiar sufferings. Sailors were anxious about mines while soldiers landed at the Dardanelles underwent the difficulties of digging trenches and of receiving water supplies. They also faced the war skills of Turkish soldiers, who were engaged in a Holy War. The evacuation of wounded soldiers was even more dramatic than on the Western front. All in all, the fighting experience of these soldiers is a mixture between the “industrialized fronts” in the West and colonial fronts.},
	pages = {91--103},
	number = {81},
	journaltitle = {Cahiers de la Méditerranée},
	author = {Cochet, François},
	urldate = {2015-07-13},
	date = {2010-12-15},
	langid = {french},
	keywords = {fighting experience, soldiers witnesses, war conditions},
	file = {Full Text PDF:/Users/josselinmorvan/Library/Application Support/Firefox/Profiles/b6mwqeux.default/zotero/storage/8MI3D3NB/Cochet - 2010 - L’armée d’Orient, des expériences combattantes loi.pdf:application/pdf;Snapshot:/Users/josselinmorvan/Library/Application Support/Firefox/Profiles/b6mwqeux.default/zotero/storage/22MBF4DV/5498.html:text/html}
}

@book{roche_dictionnaire_2005,
	location = {Toulon, France},
	title = {Dictionnaire des bâtiments de la flotte de guerre française de Colbert à nos jours},
	isbn = {2-9525917-0-9},
	pagetotal = {591},
	publisher = {J.-M. Roche},
	author = {Roche, Jean-Michel},
	date = {2005},
	keywords = {Navires de guerre -- France -- Dictionnaires},
	file = {Library Catalog Entry Snapshot:/Users/josselinmorvan/Library/Application Support/Firefox/Profiles/b6mwqeux.default/zotero/storage/MBWME2BT/SRCH.html:text/html}
}

@inproceedings{poupeau_ledition_2005,
	location = {Nancy},
	title = {L'édition critique des sources historiques : du support papier au Web},
	url = {http://www.lespetitescases.net/node/1088},
	eventtitle = {rencontres de la communauté francophone de la {TEI}},
	author = {Poupeau, Gautier},
	urldate = {2015-09-03},
	date = {2005},
	file = {L'édition critique des sources historiques \: du support papier au Web | Les petites cases:/Users/josselinmorvan/Library/Application Support/Firefox/Profiles/b6mwqeux.default/zotero/storage/FKI96Z3K/1088.html:text/html}
}

@online{chateau_ledition_2013,
	title = {L’édition des cours, Le modèle {XML}-{TEI}},
	url = {http://www.desgodets.net/edition-des-cours/model#editionModelBodyFr02},
	abstract = {,},
	titleaddon = {Cours de Desgodets},
	type = {Text},
	author = {Chateau, Emmanuel},
	urldate = {2015-08-31},
	date = {2013},
	langid = {french},
	file = {Snapshot:/Users/josselinmorvan/Library/Application Support/Firefox/Profiles/b6mwqeux.default/zotero/storage/4QK9N5EX/model.html:text/html}
}

@online{_recherche_????,
	title = {Recherche en histoire contemporaine},
	url = {http://bdic.fr/recherche-en-histoire-contemporaine},
	titleaddon = {{BDIC}},
	urldate = {2015-08-26},
	file = {Recherche en histoire contemporaine:/Users/josselinmorvan/Library/Application Support/Firefox/Profiles/b6mwqeux.default/zotero/storage/F9QVXXRS/recherche-en-histoire-contemporaine.html:text/html}
}

@article{dandurain_general_2010,
	title = {Le général Gouraud, chef du corps expéditionnaire des Dardanelles en 1915},
	rights = {© Revue historique des armées},
	issn = {0035-3299},
	url = {http://rha.revues.org/6921},
	abstract = {Au début de l’année 1915, alors que les soldats s’enferment dans les tranchées sur le front occidental, les alliés décident de recourir à une stratégie périphérique pour contrer l’Allemagne. Ils se proposent de déstabiliser les puissances centrales en attaquant l’Empire ottoman par le détroit des Dardanelles. De toute urgence, Français et Britanniques doivent former chacun un corps expéditionnaire et trouver les moyens de s’entendre sur un nouveau théâtre d’opérations. Côté français, après le rappel du premier chef du corps expéditionnaire d’Orient, le général d’Amade, qui n’a pas réussi à s’entendre avec les Britanniques, le général Gouraud est envoyé prendre la tête du corps expéditionnaire d’Orient (ou {CEO}) en avril 1915. Resté peu de temps aux Dardanelles, en raison de sa blessure du 30 juin, son passage à la tête du corps expéditionnaire témoigne pourtant bien d’une certaine continuité de la politique française en Méditerranée.},
	pages = {46--56},
	journaltitle = {Revue historique des armées},
	author = {d’Andurain, Julie},
	urldate = {2015-07-13},
	date = {2010-03-15},
	langid = {french},
	keywords = {armée d’Orient, corps expéditionnaire, Première Guerre mondiale},
	file = {Snapshot:/Users/josselinmorvan/Library/Application Support/Firefox/Profiles/b6mwqeux.default/zotero/storage/PXMUHVCR/6921.html:text/html}
}

@thesis{desenclos_ambassade_2009,
	location = {Paris},
	title = {L'ambassade extraordinaire des duc d'angoulême, comte de béthune et abbé de préaux vers les princes et potentats de l'empire (1620-1621)},
	pagetotal = {467},
	institution = {École nationale des chartes},
	type = {mémoire de master 2},
	author = {Desenclos, Camille},
	date = {2009}
}

@article{tesniere_bibliotheque_2015,
	title = {Bibliothèque et recherche},
	url = {http://www.bdic.fr/images/stories/BDIC/journal/BDIC_Journal_38_web.pdf},
	pages = {3},
	number = {38},
	journaltitle = {Journal de la {BDIC}},
	author = {Tesnière, Valérie},
	date = {2015-04}
}

@online{_les_????,
	title = {Les passés dans le présent},
	url = {http://passes-present.eu/},
	urldate = {2015-08-27},
	file = {Les passés dans le présent:/Users/josselinmorvan/Library/Application Support/Firefox/Profiles/b6mwqeux.default/zotero/storage/UCM8F2UD/passes-present.eu.html:text/html}
}

@online{_bulgarie_????,
	title = {La Bulgarie dans les collections de l'{ECPAD}},
	url = {http://centenaire.org/fr/bulgarie/la-bulgarie-dans-les-collections-de-lecpad},
	abstract = {Au cours de la deuxième guerre balkanique (juillet 1913), la Bulgarie perd la Macédoine, partagée entre la Serbie et la Grèce, et la Thrace, partagée entre la Grèce et la Turquie. L\&amp;rsquo;importance d},
	titleaddon = {Mission Centenaire 14-18},
	urldate = {2015-07-14},
	file = {Snapshot:/Users/josselinmorvan/Library/Application Support/Firefox/Profiles/b6mwqeux.default/zotero/storage/QF8HC3VR/la-bulgarie-dans-les-collections-de-lecpad.html:text/html}
}

@article{coombs_markup_1987,
	title = {Markup Systems and the Future of Scholarly Text Processing},
	url = {http://xml.coverpages.org/coombs.html},
	pages = {933--947},
	journaltitle = {Communications of the {ACM} 30},
	author = {Coombs, James H. and Renear, Allen H. and {DeRose}, Steven J.},
	urldate = {2015-08-30},
	date = {1987},
	file = {Markup Systems and the Future of Scholarly Text Processing:/Users/josselinmorvan/Library/Application Support/Firefox/Profiles/b6mwqeux.default/zotero/storage/EM9GSRX9/coombs.html:text/html}
}

@article{ide_application_1996,
	title = {Une application de la {TEI} aux industries de la Langue : le Corpus Encoding Standard},
	url = {http://sites.univ-provence.fr/veronis/pdf/1996gut-corpus.pdf},
	number = {24},
	journaltitle = {Cahiers {GUTenberg}},
	author = {Ide, Nancy and Véronis, Jean},
	urldate = {2015-09-01},
	date = {1996-06},
	file = {corpus.dvi - 1996gut-corpus.pdf:/Users/josselinmorvan/Library/Application Support/Firefox/Profiles/b6mwqeux.default/zotero/storage/2H8TKGUJ/1996gut-corpus.pdf:application/pdf}
}